@online{pypi,
    title = {Python Package Index},
    author = {Python Software Foundation},
    urldate = {2022-03-15},
    url = {https://pypi.org/}
}

@online{impl,
    author = {Popović Milutin},
    title = {Git Instance, Implementation: Jupyter-Notebooks},
    urldate = {2021-24-10},
    url = {git://popovic.xyz/vrproject.git}
}

@online{sorting,
    author = {Popović Milutin},
    title = {Git Instance, PyPi sorted Data},
    urldate = {2021-24-10},
    url = {git://popovic.xyz/pypi_scrape.git}
}


@book{barabasi,
  title={Network Science},
  author={Barabási, A.L.},
  isbn={9781107076266},
  lccn={2016439537},
  url={https://books.google.at/books?id=iLtGDQAAQBAJ},
  year={2016},
  publisher={Cambridge University Press}
}
