@book{barabasi,
  title={Network Science},
  author={Barab√°si, A.L.},
  isbn={9781107076266},
  lccn={2016439537},
  url={https://books.google.at/books?id=iLtGDQAAQBAJ},
  year={2016},
  publisher={Cambridge University Press}
}
@online{motivation,
    title = {Python Dependency Analysis},
    author = {Kevin Gullikson},
    date = {2016-18-2016},
    urldate = {2022-03-15},
    url = {https://kgullikson88.github.io/blog/pypi-analysis.html}
}

@online{pypi,
    title = {Python Package Index},
    author = {Python Software Foundation},
    urldate = {2022-03-15},
    url = {https://pypi.org/}
}
